@Misc{kaggle,
    title = {Costa-Rican Household Poverty Level Prediction},
    author = {Inter-American Development Bank},
    howpublished = {\url{https://www.kaggle.com/c/costa-rican-household-poverty-prediction}},
}

@Misc{kaggle_2,
    title = {Costa-Rican Household Poverty Level Prediction Notebook},
    author = {Will Koehrsen},
    howpublished = {\url{https://www.kaggle.com/willkoehrsen/a-complete-introduction-and-walkthrough}},
}

@incollection{NIPS2017_7062,
title = {A Unified Approach to Interpreting Model Predictions},
author = {Lundberg, Scott M and Lee, Su-In},
booktitle = {Advances in Neural Information Processing Systems 30},
editor = {I. Guyon and U. V. Luxburg and S. Bengio and H. Wallach and R. Fergus and S. Vishwanathan and R. Garnett},
pages = {4765--4774},
year = {2017},
publisher = {Curran Associates, Inc.},
url = {http://papers.nips.cc/paper/7062-a-unified-approach-to-interpreting-model-predictions.pdf}
}

@misc{our_github,
  author = {Gontar, Maksym and
            Lebedev, Mikhail and
            Lukianykhin, Oleh and
            Moiseiev, Roman},
  title = {Comparison of baseline and top solutions for household poverty prediction},
  year = {2019},
  publisher = {GitHub},
  journal = {GitHub repository},
  howpublished = {\url{https://github.com/OlehLuk/responsible-prediction-analysis}}
}